@article{grover98,
  author = "Lov K. Grover",
  title  = "How fast can a quantum computer search?",
  year   = "1998",
  eprint = "arxiv:quant-ph/9906128" }

@article{lc99,
   author  = {H.-K. Lo and H.L. Chau},
   title   = {Unconditional security of quantum key distribution over
              arbitrarily long distances},
   journal = "Science",
   volume  = "283",
   pages   = "2050-2056",
   year    = "1999",
   eprint  = "arxiv:quant-ph/9803006"
}

@article{kw04,
  author = {Ioannis Kerenidis and Ronald de Wolf},
  title  = {Quantum symmetrically-private information retrieval},
  journal = "Journal of Computer Systems Science",
  pages   = "395-420",
  volume  = "69",
  number  = "3",
  year    = "2004",
  eprint  = "arxiv:quant-ph/0307076"
}

@article{cabello03,
  author = {Ad\'an Cabello},
  title  = {Solving the liar detection problem using the four qubit singlet
            state},
  journal = "Physical Review A",
  year    = "2003",
  volume  = "68",
  number  = "012304",
  eprint  = "arxiv:quant-ph/0210079"
}

@article{aronson,
   author = {S. Aaronson},
   title = {Limitations of quantum advice and one-way communication},
   volume = 1,
   number = 1,
   pages = {1-28},
   journal = {Theory of Computing},
   year = {2005},
   eprint = {toc:v001/a001, quant-ph/432432}
}

@article{bbht98,
  author = {Michel Boyer and Giles Brassard and Peter H\/oyer and Alain Tapp},
  title  = "Tight bounds on quantum searching",
  month  = "May",
  year   = {1996},
  eprint = "arxiv:quant-ph/9605034" }

@article{ambainis99,
  author = "Andris Ambainis",
  title  = "A better lower bound for quantum algorithms searching an ordered list",
  month  = "February",
  year   = {1999},
  eprint = "arxiv:quant-ph/9902053" }

@article{ grover96,
  author  = "Lov K. Grover",
  title   = "A fast quantum mechanical algorithm for database search",
  journal = "In Proceedings of 28th STOC",
  pages   = "212--219",
  month   = "May",
  year    = "1996",
  eprint  = "arxiv:quant-ph/9605043" }

@article{ gr04,
  author  = "Lov K. Grover and Jaikumar Radhakrishnan",
  title   = "Quantum search for multiple items using parallel queries",
  month   = "July",
  year    = "2004",
  eprint  = "arxiv:quant-ph/0407217" }

@article{ heiligman00,
  author  = "Mark Heiligman",
  title   = "Finding Matches between Two Databases on a Quantum Computer",
  month   = "June",
  year    = "2000",
  eprint  = "arxiv:quant-ph/0006136" }

@article{ bcwz99,
  author  = "Harry Buhrman, Richard Cleve, Ronald de Wolf, Christof Zalka",
  title   = "Bounds for Small-Error and Zero-Error Quantum Algorithm",
  month   = "August",
  year    = "1999",
  eprint  = "arxiv:cs.CC/9904019" }

@article{ buhrman99lower,
  author  = "Harry Buhrman and Ronald de Wolf",
  title   = "A lower bound for quantum search of an ordered list",
  journal = "Information Processing Letters",
  volume  = "70",
  number  = "5",
  pages   = "205--209",
  year    = "1999",
  url     = "http://citeseer.ist.psu.edu/buhrman99lower.html" }

<!-- Local IspellPersDict: .ispell-sequencer -->
